@article{bandim2022,
  author  = {Bandim, M.},
  title   = {Growth of Ghana's Telecommunications Industry},
  journal = {Journal of African Telecommunications},
  volume  = {45},
  number  = {2},
  pages   = {123-135},
  year    = {2022}
}

@misc{ghanaweb2023,
  author       = {{Ghana Web}},
  title        = {Underwater Fiber Optic Cable Outages Impact Telecommunications in West Africa},
  howpublished = {\url{https://www.ghanaweb.com/GhanaHomePage/business/Details-of-the-outages-on-multiple-submarine-optic-fibre-cables-that-hit-MTN-Ghana-others-1921650}},
  note         = {Accessed: 2024-06-05},
  year         = {2024}
}

@article{kapur2018,
  author  = {Kapur, R.},
  title   = {Factors Driving Customer Churn in Telecom Industry},
  journal = {International Journal of Telecom Studies},
  volume  = {22},
  number  = {4},
  pages   = {321-334},
  year    = {2018}
}

@article{koranchirath2024,
  author  = {Koranchirath, A.},
  title   = {Customer Retention Strategies in Competitive Markets},
  journal = {Telecom Review},
  volume  = {30},
  number  = {1},
  pages   = {56-72},
  year    = {2024}
}
@article{masarifoglu2019applying,
  title   = {Applying survival analysis to telecom churn data},
  author  = {Masarifoglu, Melik and Buyuklu, Ali Hakan},
  journal = {American Journal of Theoretical and Applied Statistics},
  volume  = {8},
  number  = {6},
  pages   = {261--275},
  year    = {2019}
}
@article{nurhaliza2022comparison,
  title   = {A COMPARISON OF COX PROPORTIONAL HAZARD AND RANDOM SURVIVAL FOREST MODELS IN PREDICTING CHURN OF THE TELECOMMUNICATION INDUSTRY CUSTOMER},
  author  = {Nurhaliza, Sitti and Sadik, Kusman and Saefuddin, Asep},
  journal = {BAREKENG: Jurnal Ilmu Matematika dan Terapan},
  volume  = {16},
  number  = {4},
  pages   = {1433--1440},
  year    = {2022}
}

@article{graunt1977natural,
  title     = {Natural and political observations mentioned in a following index, and made upon the bills of mortality},
  author    = {Graunt, John},
  journal   = {Mathematical demography},
  volume    = {6},
  pages     = {11--20},
  year      = {1977},
  publisher = {Springer}
}

@article{imani2020customer,
  title     = {Customer Churn Prediction in Telecommunication Using Machine Learning: A Comparison Study},
  author    = {Imani, Maryam},
  journal   = {AUT Journal of Modeling and Simulation},
  volume    = {52},
  number    = {2},
  pages     = {229--250},
  year      = {2020},
  publisher = {Amirkabir University of Technology}
}

@misc{apnews2023,
  author       = {{AP News}},
  title        = {Underwater Cable Disruptions Affect West Africa's Internet Services},
  howpublished = {\url{https://apnews.com/article/africa-internet-outage-undersea-cables-failure-ac67fd11b4d9ae7cb3959622c5e9e78b}},
  note         = {Accessed: 2024-06-05},
  year         = {2024}
}

@article{Alqatani2020,
  author  = {Alqatani, A. and Altarifi, A.},
  title   = {Title of the paper},
  journal = {Journal Name},
  volume  = {Volume},
  number  = {Issue},
  pages   = {Pages},
  year    = {2020}
}

@article{BoxSteffensmeier2020,
  author  = {Box-Steffensmeier, J. and Jone, C.},
  title   = {Title of the paper},
  journal = {Journal Name},
  volume  = {Volume},
  number  = {Issue},
  pages   = {Pages},
  year    = {2020}
}

@article{Lai2021,
  author  = {Lai, T. et al.},
  title   = {Title of the paper},
  journal = {Journal Name},
  volume  = {Volume},
  number  = {Issue},
  pages   = {Pages},
  year    = {2021}
}

@article{SmithBrown2020,
  author  = {Smith, R. and Brown, J.},
  title   = {Title of the paper},
  journal = {Journal Name},
  volume  = {Volume},
  number  = {Issue},
  pages   = {Pages},
  year    = {2020}
}

@article{Jerenz2008,
  author  = {Jerenz, A.},
  title   = {Title of the paper},
  journal = {Journal Name},
  volume  = {Volume},
  number  = {Issue},
  pages   = {Pages},
  year    = {2008}
}

@article{Kaplan1958,
  author  = {Kaplan, E. and Meier, P.},
  title   = {Title of the paper},
  journal = {Journal Name},
  volume  = {Volume},
  number  = {Issue},
  pages   = {Pages},
  year    = {1958}
}

@article{Cox1972,
  author  = {Cox, D.},
  title   = {Title of the paper},
  journal = {Journal Name},
  volume  = {Volume},
  number  = {Issue},
  pages   = {Pages},
  year    = {1972}
}

@article{Lee2014,
  author  = {Lee, M.},
  title   = {Business Bankruptcy Prediction Based on Survival Analysis Approach},
  journal = {International Journal of Computer Science Information Technology},
  volume  = {6},
  number  = {2},
  pages   = {Pages},
  year    = {2014}
}

@article{Pereira2014,
  author  = {Pereira, J.},
  title   = {Survival Analysis Employed in Predicting Corporate Failure: A Forecasting Model Proposal},
  journal = {International Business Research},
  volume  = {7},
  number  = {6},
  pages   = {Pages},
  year    = {2014}
}

@article{Kumar2015,
  author  = {Kumar, K. and Gepp, A.},
  title   = {Predicting Financial Distress: A Comparison of Survival Analysis and Decision Tree Techniques},
  journal = {Procedia Computer Science},
  volume  = {54},
  number  = {2},
  pages   = {396-404},
  year    = {2015}
}

@article{Iwasaki2014,
  author  = {Iwasaki, I.},
  title   = {Global Financial Crisis, Corporate Governance, and Firm Survival: The Russian Experience},
  journal = {Journal of Comparative Economics},
  volume  = {42},
  number  = {1},
  pages   = {178-211},
  year    = {2014}
}

@article{Leung2010,
  author  = {Leung, M.K. and Rigby, D. and Young, T.},
  title   = {Entry of Foreign Banks in the People's Republic of China: A Survival Analysis},
  journal = {Journal of Applied Economics},
  volume  = {10},
  pages   = {21-31},
  year    = {2010}
}

@article{Evrensel2008,
  author  = {Evrensel, A.Y.},
  title   = {Banking Crisis and Financial Structure: A Survival-Time Analysis},
  journal = {International Review of Economics and Finance},
  volume  = {17},
  number  = {4},
  pages   = {589-602},
  year    = {2008}
}

@article{Tsujitani2012,
  author  = {Tsujitani, M. and Baesens, B.},
  title   = {Survival Analysis for Personal Loan Data Using Generalized Additive Models},
  journal = {Behaviormetrika},
  volume  = {39},
  number  = {1},
  pages   = {9-23},
  year    = {2012}
}

@article{Baesens2005,
  author  = {Baesens, B. and Gestel, T.V. and Stepanova, M. and Poel, D.V. and Vanthienen, J.},
  title   = {Neural Network Survival Analysis for Personal Loan Data},
  journal = {Journal of the Operational Research Society},
  volume  = {56},
  number  = {9},
  pages   = {1089-109},
  year    = {2005}
}
@article{Masarifoglu2019,
  author    = {Melik Masarifoglu and Ali Hakan Buyuklu},
  doi       = {10.11648/j.ajtas.20190806.18},
  issn      = {2326-8999},
  issue     = {6},
  journal   = {American Journal of Theoretical and Applied Statistics},
  pages     = {261},
  publisher = {Science Publishing Group},
  title     = {Applying Survival Analysis to Telecom Churn Data},
  volume    = {8},
  year      = {2019}
}

@inproceedings{cox1972multivariate,
  title     = {Multivariate point processes},
  author    = {Cox, David R and Lewis, Peter Adrian Walter and others},
  booktitle = {Proceedings of the Sixth Berkeley Symposium on Mathematical Statistics and Probability},
  volume    = {3},
  pages     = {401--448},
  year      = {1972}
}

@article{harrell1982evaluating,
  title     = {Evaluating the yield of medical tests},
  author    = {Harrell, Frank E and Califf, Robert M and Pryor, David B and Lee, Kerry L and Rosati, Robert A},
  journal   = {Jama},
  volume    = {247},
  number    = {18},
  pages     = {2543--2546},
  year      = {1982},
  publisher = {American Medical Association}
}

@misc{aalen20021,
  title     = {1. The statistical analysis of failure time data (2nd edn). Kalbfleisch JD},
  author    = {Aalen, OO},
  year      = {2002},
  publisher = {Prentice LR, Wiley-Interscience, Hoboken, New Jersey}
}

@misc{vodafone_ghana,
  author       = {Wikipedia},
  title        = {Vodafone Ghana},
  year         = {2020},
  howpublished = {\url{https://en.wikipedia.org/wiki/Vodafone_Ghana#:~:text=As%20of%20January%202020%2C%20it,of%20the%20Ghanaian%20market%20shares}},
  note         = {Accessed: 2024-05-24}
}

@misc{vodafone_knust,
  author       = {Wikipedia},
  title        = {Vodafone Knust},
  year         = {2020},
  howpublished = {\url{https://en.m.wikipedia.org/wiki/Vodafone_Ghana#:~:text=In%202016%2C%20Vodafone%20made%20a,the%20university's%20campuses%20in%20Ghana}},
  note         = {Accessed: 2024-07-2}
}
@misc{telecel_ghana,
  author       = {{Wikipedia}},
  title        = {Telecel Ghana},
  year         = {2024},
  howpublished = {\url{https://en.m.wikipedia.org/wiki/Telecel_Ghana#:~:text=They%20are%20the%20leading%20total,Vodafone%20Ghana%20into%20Telecel%20Ghana}},
  note         = {Accessed: 2024-05-19}
}

