@article{Masarifoglu2019,
   author = {Melik Masarifoglu and Ali Hakan Buyuklu},
   doi = {10.11648/j.ajtas.20190806.18},
   issn = {2326-8999},
   issue = {6},
   journal = {American Journal of Theoretical and Applied Statistics},
   pages = {261},
   publisher = {Science Publishing Group},
   title = {Applying Survival Analysis to Telecom Churn Data},
   volume = {8},
   year = {2019},
}
